75600000         11527385200012019                  04340 00000013644990CREDITALL  DEMONSTRACAO       SICOOB                                  11702202113002600000108100000                                                                     
75600011R01  040 1015273852000120                    04340 0000001364499 CREDITALL  DEMONSTRACAO                                                                                       000000011702202100000000                                 
7560001300001P 0104340 0000001364499 000000000100014     10 11303211         1602201300000000012222900000 02A16012013116022013000000000004074000000000000000000000000000000000000000000000000000000                         3000   090000000000 
7560001300002Q 011000007902520748SANDRO NIGRI                            RUA GENERAL  POLIDORO 10 10             BOTAFOGO       22280005RIO DE JANEIRO RJ0000000000000000                                        000                            
7560001300003R 01000000000000000000000000000000000000000000000000116022013000000000002445                                                                                                              0000000000000000 000000000000  0         
7560001300004S 013                                                                                                                                                                                                                              
7560001300005P 0104340 0000001364499 000000000100014     10 11303212         1603201300000000012222900000 02A16012013116032013000000000004074000000000000000000000000000000000000000000000000000000                         3000   090000000000 
7560001300006Q 011000007902520748SANDRO NIGRI                            RUA GENERAL  POLIDORO 10 10             BOTAFOGO       22280005RIO DE JANEIRO RJ0000000000000000                                        000                            
7560001300007R 01000000000000000000000000000000000000000000000000116032013000000000002445                                                                                                              0000000000000000 000000000000  0         
7560001300008S 013                                                                                                                                                                                                                              
75600015         00109300109300000000032083836000000000000000000000000000000000000000000000000000000000000000000000                                                                                                                             
75699999         000001001093000000                                                                                                                                                                                                             